@book{valdes2007microcontroladores,
	  title		=	{Microcontroladores Fundamentos y Aplicaciones con PIC},
	  author 	=	{Valdes, F. and Areny, R.P.},
	  isbn		=	{9788426714145},
	  series	=	{Alfaomega. Marcombo},
	  url		=	{https://books.google.com.mx/books?id=ODenKGOHMRkC},
	  year		=	{2007},
	  publisher	=	{Marcombo}
}

@book{cuellar2008sistemas,
	  title		=	{Sistemas de Procesamiento Digital.},
	  author	=	{Cu{\'e}llar, A.A.},
	  isbn		=	{9788492453030},
	  url		=	{https://books.google.es/books?id=N7u2x4LyJ7UC},
	  year		=	{2008},
      publisher	=	{Delta Publicaciones}
}

@book{caprile2012desarrollo,
	  title		=	{Desarrollo con microcontroladores ARM Cortex-M3},
	  author	=	{Caprile, S.R.},
	  isbn		=	{9789872872007},
	  url		=	{https://books.google.es/books?id=AU-wv\_g8qkoC},
	  year		=	{2012},
      publisher	=	{Puntolibro}
}

@book{areny2005sensores,
	  title		=	{Sensores y Acondicioadores de Se{\~n}al 4a},
	  author	=	{Areny, R.P.},
  	  isbn		=	{9788426713445},
	  series	=	{ACCESO R{\'A}PIDO},
  	  url		=	{https://books.google.com.mx/books?id=Eevyk28\_fVkC},
	  year		=	{2005},
  	  publisher	=	{Marcombo}
}

@book{mano1994arquitectura,
 	  title		=	{Arquitectura de computadoras},
   	  author	=	{Mano, M.M. and Sarmiento, M.{\'A}.M.},
	  isbn		=	{9789688803615},
	  url		=	{https://books.google.com.mx/books?id=2wWZyKu60cAC},
	  year		=	{1994},
	  publisher	=	{Prentice Hall}
}

@article{aguirre2014sistema,
		 title		=	{Sistema embebido de bajo costo para visi{\'o}n artificial},
		 author		=	{Aguirre, {\'A}lvaro Guerrero and Giraldo, Paula Jimena Ramos},
		 journal	=	{Scientia et technica},
		 volume		=	{19},
		 number		=	{2},
		 pages		=	{163--173},
		 year		=	{2014},
		 publisher	=	{Universidad Tecnol{\'o}gica de Pereira}
}

@phdthesis{perez2016protocolos,
 		   title	=	{Protocolos de comunicaci{\'o}n entre microcontroladores},
 		   author	=	{Perez, Alejandro Daniel},
 		   year		=	{2016},
		   school	=	{Universidad Nacional de La Plata}
}

@article{moyanoclase,
		 title	=	{Clase 08: Comunicaci{\'o}n en Sistemas Embebidos},
  		 author	=	{Moyano, Lic Jos{\'e} H}
}

@article{perez2009sistemas,
		 title		=	{Sistemas embebidos y sistemas operativos embedidos},
		 author		=	{P{\'e}rez, D},
		 journal	=	{Lecturas en ciencias de la computaci{\'o}n. Universidad Central de Venezuela, Vols.\% i de\% 2lSSN},
		 pages		=	{1316--6239},
		 year		=	{2009}
}

@manual{PIC32MZ,
  		 title		=	{Technical Reference Manual [Electronic resource]},
		 author		=	{Connectivity, PIC32MZ Embedded},
  		 journal	=	{Access mode: http://ww1.microchip.com/downloads/en/DeviceDoc F},
  		 volume		=	{60001361}
}

@article{ade7880,
  		 title	=	{Polyphase Multifunction Energy Metering IC with Harmonic Monitoring},
  		 author	=	{ADE7880, Data Sheet}
}